@article{time-independent-trace-sim,
  author = {Casanova, Henri and Desprez, Fr{\'e}d{\'e}ric and Markomanolis, George S. and Suter, Fr{\'e}d{\'e}ric},
  title = {Simulation of MPI Applications with Time-independent Traces},
  journal = {Concurr. Comput. : Pract. Exper.},
  issue_date = {April 2015},
  volume = {27},
  number = {5},
  month = apr,
  year = {2015},
  issn = {1532-0626},
  pages = {1145--1168},
  numpages = {24},
  url = {http://dx.doi.org/10.1002/cpe.3278},
  doi = {10.1002/cpe.3278},
  acmid = {2768166},
  publisher = {John Wiley and Sons Ltd.},
  address = {Chichester, UK},
  keywords = {MPI, performance prediction, simulation},
}

@article{perf-pred-hybrid,
  author = {Aversa, Rocco and Di Martino, Beniamino and Rak, Massimiliano and Venticinque, Salvatore and Villano, Umberto},
  title = {Performance Prediction Through Simulation of a Hybrid MPI/OpenMP Application},
  journal = {Parallel Comput.},
  issue_date = {October - December 2005},
  volume = {31},
  number = {10-12},
  month = oct,
  year = {2005},
  issn = {0167-8191},
  pages = {1013--1033},
  numpages = {21},
  url = {http://dx.doi.org/10.1016/j.parco.2005.03.009},
  doi = {10.1016/j.parco.2005.03.009},
  acmid = {1131939},
  publisher = {Elsevier Science Publishers B. V.},
  address = {Amsterdam, The Netherlands, The Netherlands},
  keywords = {Hybrid, MPI, OpenMP, Performance prediction, Simulation},
}

@inproceedings{smpi-online,
  author = {P. {Clauss} and M. {Stillwell} and S. {Genaud} and F. {Suter} and H. {Casanova} and M. {Quinson}},
  booktitle = {2011 IEEE International Parallel Distributed Processing Symposium},
  title = {Single Node On-Line Simulation of MPI Applications with SMPI},
  year = {2011},
  volume = {},
  number = {},
  pages = {664-675},
  keywords = {application program interfaces;computer science education;message passing;parallel programming;teaching;single node on-line simulation;SMPI;parallel programming teaching;high-performance computing teaching;network contention;piece-wise linear model;simulated message passing interface;Computational modeling;Analytical models;Delay;Data models;Random access memory;Scalability;Kernel},
  doi = {10.1109/IPDPS.2011.69},
  ISSN = {1530-2075},
  month = {May},
}

@inproceedings{netsim,
  author = {B. {Penoff} and A. {Wagner} and M. {Tüxen} and I. {Rüngeler}},
  booktitle = {2009 15th International Conference on Parallel and Distributed Systems},
  title = {MPI-NeTSim: A Network Simulation Module for MPI},
  year = {2009},
  volume = {},
  number = {},
  pages = {464--471},
  keywords = {discrete event simulation;message passing;middleware;MPI-NeTSim;network simulation;message passing interface;MPI library;MPI program;network configuration;packet level information;OMNeT++ INET framework;MPI middleware;discrete event network simulator;NAS benchmark;Discrete event simulation;Middleware;Delay;Computational modeling;Message passing;Bandwidth;Computer networks;Permission;Hardware;Transport protocols;MPI;simulation;emulation;SCTP;slowdown},
  doi = {10.1109/ICPADS.2009.116},
  ISSN = {1521-9097},
  month = {Dec},
}

@inproceedings{better-sim-ethernet,
  author = "B{\'e}daride, Paul
    and Degomme, Augustin
    and Genaud, St{\'e}phane
    and Legrand, Arnaud
    and Markomanolis, George S.
    and Quinson, Martin
    and Stillwell, Mark
    and Suter, Fr{\'e}d{\'e}ric
    and Videau, Brice",
  editor = "Jarvis, Stephen A.
    and Wright, Steven A.
    and Hammond, Simon D.",
  title = {Toward Better Simulation of MPI Applications on Ethernet/TCP Networks},
  booktitle = {High Performance Computing Systems. Performance Modeling, Benchmarking and Simulation},
  year = {2014},
  publisher = {Springer International Publishing},
  address = {Cham},
  pages = {158--181},
  isbn = "978-3-319-10214-6"
}

@article{smpi,
  title = {{Simulating MPI applications: the SMPI approach}},
  author = {Degomme, Augustin and Legrand, Arnaud and Markomanolis, Georges and Quinson, Martin and Stillwell, Mark Lee and Suter, Fr{\'e}d{\'e}ric},
  url = {https://hal.inria.fr/hal-01415484},
  journal = {{IEEE Transactions on Parallel and Distributed Systems}},
  publisher = {{Institute of Electrical and Electronics Engineers}},
  volume = {28},
  number = {8},
  pages = {14},
  year = {2017},
  month = Aug,
  doi = {10.1109/TPDS.2017.2669305},
  keywords = {Performance prediction and extrapolation ; Simulation ; MPI runtime and applications},
  pdf = {https://hal.inria.fr/hal-01415484/file/smpi_article.pdf},
  hal_id = {hal-01415484},
  hal_version = {v2},
}

@INPROCEEDINGS{papi,
    author = {Philip J. Mucci and Shirley Browne and Christine Deane and George Ho},
    title = {PAPI: A Portable Interface to Hardware Performance Counters},
    booktitle = {In Proceedings of the Department of Defense HPCMP Users Group Conference},
    year = {1999},
    pages = {7--10}
}